|0000|LECD|01012025|31122025|EMPRESA TESTE SA|00000000000144||SP||3550308||0|0|0||0|0||N|N|0|0||
|0001|0|
|I001|0|
|I010|G|9.00|
|I200|LC999|01012025|50000,00|N||
|I990|4|
|9001|0|
|9900|0000|1|
|9900|0001|1|
|9900|I001|1|
|9900|I010|1|
|9900|I200|1|
|9900|I990|1|
|9900|9001|1|
|9900|9900|8|
|9900|9999|1|
|9999|16|
