|0000|LECD|01012025|31122025|EMPRESA TESTE SA|00000000000149||SP||3550308||0|0|0||0|0||N|N|0|1||
|0001|0|
|C001|0|
|C050|01012024|01|A|1|1.01.001|1.01|CAIXA BANCO A (antigo)|
|C050|01012024|04|A|1|3.01.001|3.01|RECEITA DE VENDAS (antigo)|
|C155|1.01.001||0,00|C|80000,00|C|
|C990|5|
|I001|0|
|I050|01012025|01|A|1|1.01.001|1.01|CAIXA E EQUIVALENTES|
|I050|01012025|04|A|1|3.01.001|3.01|RECEITA BRUTA DE VENDAS|
|I150|01012025|31122025|
|I155|1.01.001||80000,00|C|0,00|100000,00|100000,00|C|
|I990|7|
|9001|0|
|9900|0000|1|
|9900|0001|1|
|9900|C001|1|
|9900|C050|2|
|9900|C155|1|
|9900|C990|1|
|9900|I001|1|
|9900|I050|2|
|9900|I150|1|
|9900|I155|1|
|9900|I990|1|
|9900|9001|1|
|9900|9900|14|
|9900|9999|1|
|9999|28|
