|0000|LECD|01012025|31122025|EMPRESA TESTE SA|00000000000143||SP||3550308||0|0|0||0|0||N|N|0|0||
|0001|0|
|I001|0|
|I010|G|9.00|
|I150|01012025|31122025|
|I155|1.01.001||0,00|C|0,00|100000,00|100000,00|C|
|I990|5|
|9001|0|
|9900|0000|1|
|9900|0001|1|
|9900|I001|1|
|9900|I010|1|
|9900|I150|1|
|9900|I155|1|
|9900|I990|1|
|9900|9001|1|
|9900|9900|9|
|9900|9999|1|
|9999|19|
