|0000|LECD|01012025|31122025|EMPRESA TESTE SA|00000000000109||SP||3550308||0|0|0||0|0||N|N|0|0||
|0001|0|
|I001|0|
|I010|G|9.00|
|I050|01012025|01|A|4|3001||Estoques de Materia-Prima|
|I050|01012025|04|A|4|4.01.01.01||Receita Bruta de Vendas|
|I150|01012025|31012025|
|I155|4.01.01.01||0,00|C|0,00|100000,00|100000,00|C|
|I990|6|
|9001|0|
|9900|0000|1|
|9900|0001|1|
|9900|I001|1|
|9900|I010|1|
|9900|I050|2|
|9900|I150|1|
|9900|I155|1|
|9900|I990|1|
|9900|9001|1|
|9900|9900|10|
|9900|9999|1|
|9999|22|
