|0000|LECF|0012|00000000000149|EMPRESA TESTE SA|0|0|||01012025|31122025|N||0||
|0010||N|1|A|01|||C|
|M001|0|
|M300|101|Exclusao Lei do Bem|E|2|50000,00|Exclusao Lei do Bem 60pct|
|M990|3|
|X001|0|
|X460|1|Pesquisadores contratados|50000,00|
|X460|2|Materiais de P&D|30000,00|
|X990|3|
|9001|0|
|9900|0000|1|
|9900|0010|1|
|9900|M001|1|
|9900|M300|1|
|9900|M990|1|
|9900|X001|1|
|9900|X460|2|
|9900|X990|1|
|9900|9001|1|
|9900|9900|10|
|9900|9999|1|
|9999|21|
