|0000|LECF|0012|00000000000148|EMPRESA TESTE SA|0|0|||01012025|31122025|N||0||
|0010||N|1|A|01|||C|
|9001|0|
|9100|REGRA_LINHA_DESPREZADA|Linha desprezada na apuração|M300|VALOR|
|9100|REGRA_COMPATIBILIDADE_K155_E155|Divergência de saldo R$ 1234,56|K155|VL_SLD_FIN|
|9900|0000|1|
|9900|0010|1|
|9900|9001|1|
|9900|9100|2|
|9900|9900|6|
|9900|9999|1|
|9999|12|
