|0000|LECF|0012|00000000000144|EMPRESA TESTE SA|0|0|||01012025|31122025|N||0||
|0010||N|1|A|01|||C|
|M001|0|
|M300|001|Provisao para contingencia|A|2|50000,00|Provisao fiscal|
|M310||
|M312|LC001|
|M990|4|
|9001|0|
|9900|0000|1|
|9900|0010|1|
|9900|M001|1|
|9900|M300|1|
|9900|M310|1|
|9900|M312|1|
|9900|M990|1|
|9900|9001|1|
|9900|9900|9|
|9900|9999|1|
|9999|17|
