|0000|LECF|0012|00000000000145|EMPRESA TESTE SA|0|0|||01012025|31122025|N||0||
|0010||N|1|A|01|||C|
|M001|0|
|M500|PRVCONT|I|50000,00|D|0,00||0,00||50000,00|D|
|M990|3|
|9001|0|
|9900|0000|1|
|9900|0010|1|
|9900|M001|1|
|9900|M500|1|
|9900|M990|1|
|9900|9001|1|
|9900|9900|7|
|9900|9999|1|
|9999|14|
