|0000|006|0||0|01022026|28022026|EMPRESA TESTE SA|00000000000109||SP||3550308||||A|0|
|0110|1|1|0|0|
|C100|1|0|CLIE001|55|00|001|000001||01022026|
|C170|01|PROD001|Produto exportacao|10,00|UN|10000,00|0,00||00|7101||0,00|0,00|0,00||0,00|0,00||00|||0,00|0,00|07|0,00|0,00|0,00|0,00|0,00|07|0,00|0,00|0,00|0,00|0,00|3001|
|9900|0000|1|
|9900|0110|1|
|9900|C100|1|
|9900|C170|1|
|9900|9900|6|
|9900|9999|1|
|9999|11|
