|0000|006|0||0|01022026|28022026|EMPRESA TESTE SA|00000000000109||SP||3550308||||A|0|
|0110|1|1|0|0|
|1100|01/2026|01||01|50000,00|0,00|50000,00|50000,00|0,00|0,00|50000,00|50000,00|0,00|0,00|0,00|0,00|0,00|
|1500|01/2026|01||01|230000,00|0,00|230000,00|230000,00|0,00|0,00|230000,00|230000,00|0,00|0,00|0,00|0,00|0,00|
|9900|0000|1|
|9900|0110|1|
|9900|1100|1|
|9900|1500|1|
|9900|9900|6|
|9900|9999|1|
|9999|11|
