|0000|006|0||0|01102025|31102025|EMPRESA TESTE SA|00000000000109||SP||3550308||||A|0|
|0110|1|1|0|0|
|M100|101|0|30303,03|1,65|0,00|0,00|500,00|0,00|0,00|0,00|500,00|0|500,00|0,00|
|M200|0,00|700,00|0,00|0,00|0,00|0,00|0,00|0,00|0,00|0,00|0,00|700,00|
|M500|501|0|6578,95|7,60|0,00|0,00|500,00|0,00|0,00|0,00|500,00|0|500,00|0,00|
|M600|0,00|800,00|0,00|0,00|0,00|0,00|0,00|0,00|0,00|0,00|0,00|800,00|
|9900|0000|1|
|9900|0110|1|
|9900|M100|1|
|9900|M200|1|
|9900|M500|1|
|9900|M600|1|
|9900|9900|8|
|9900|9999|1|
|9999|16|
