|0000|006|0||0|01012025|31012025|EMPRESA TESTE SA|00000000000109||SP||3550308||||A|0|
|0110|1|1|0|0|
|M200|1980,00|0,00|0,00|0,00|0,00|0,00|0,00|0,00|0,00|0,00|120000,00|
|M210|0105|100000,00|100000,00|1,65|0,00|0,00|1650,00|0,00|0,00|0,00|1650,00|
|M210|7300|20000,00|20000,00|0,65|0,00|0,00|130,00|0,00|0,00|0,00|130,00|
|M600|3900,00|0,00|0,00|0,00|0,00|0,00|0,00|0,00|0,00|0,00|120000,00|
|9900|0000|1|
|9900|0110|1|
|9900|M200|1|
|9900|M210|2|
|9900|M600|1|
|9900|9900|7|
|9900|9999|1|
|9999|14|
