|0000|006|0||0|01092024|30092024|EMPRESA TESTE SA|00000000000109||SP||3550308||||A|0|
|0110|1|1|0|0|
|C100|1|0|PART001|55|00|001|000001250|43250000000001000000000000000000000001000009|01092024|10000,00|
|C170|01|PROD001|Produto para teste|1|UN|10000,00|0,00||00|5102||0,00|0,00|0,00||0,00|0,00||00|||0,00|0,00|01|10000,00|1,65|0,00|0,00|165,00|01|10000,00|7,60|0,00|0,00|760,00|3001|
|M210|01|10000,00|10000,00|1,65|0,00|0,00|165,00|0,00|0,00|0,00|0,00|165,00|
|9900|0000|1|
|9900|0110|1|
|9900|C100|1|
|9900|C170|1|
|9900|M210|1|
|9900|9900|7|
|9900|9999|1|
|9999|13|
