|0000|006|0||0|01022026|28022026|EMPRESA TESTE SA|00000000000109||SP||3550308||||A|0|
|0110|1|1|0|0|
|F100|0|FORN001|SERV001|01022026|3000,00|50|3000,00|1,65|49,50|50|3000,00|7,60|228,00|01|1|3001||Aluguel galpao|
|M200|0,00|0,00|0,00|0,00|0,00|0,00|0,00|0,00|0,00|0,00|500000,00|
|M600|0,00|0,00|0,00|0,00|0,00|0,00|0,00|0,00|0,00|0,00|500000,00|
|9900|0000|1|
|9900|0110|1|
|9900|F100|1|
|9900|M200|1|
|9900|M600|1|
|9900|9900|7|
|9900|9999|1|
|9999|13|
