|0000|006|0||0|01012025|31012025|EMPRESA TESTE SA|00000000000109||SP||3550308||||A|0|
|0110|1|1|0|0|
|M200|2062,50|0,00|0,00|0,00|0,00|0,00|0,00|0,00|0,00|0,00|125000,00|
|M600|5000,00|0,00|0,00|0,00|0,00|0,00|0,00|0,00|0,00|0,00|125000,00|
|9900|0000|1|
|9900|0110|1|
|9900|M200|1|
|9900|M600|1|
|9900|9900|6|
|9900|9999|1|
|9999|11|
