|0000|006|0||0|01022026|28022026|EMPRESA TESTE SA|00000000000109||SP||3550308||||A|0|
|0110|1|1|0|0|
|0200|PROD001|Produto MP||||01|||||0,00|
|C100|0|0|FORN001|55|00|001|000001|0|01022026|1000,00|
|C170|01|PROD001|Produto MP|1|UN|1000,00|0,00||00|1101||0,00|0,00|0,00||0,00|0,00||00|||0,00|0,00|50|1000,00|1,65|0,00|0,00|16,50|50|1000,00|7,60|0,00|0,00|76,00|3001|
|9900|0000|1|
|9900|0110|1|
|9900|0200|1|
|9900|C100|1|
|9900|C170|1|
|9900|9900|7|
|9900|9999|1|
|9999|13|
