|0000|006|0||0|01012025|31012025|EMPRESA TESTE SA|00000000000109||SP||3550308||||A|0|
|0110|1|1|0|0|
|C100|1|0|CLIE001|55|00|001|000001||01012025|
|C170|01|PROD001|Produto|10,00|UN|10000,00|0,00||00|5101||0,00|0,00|0,00||0,00|0,00||00|||0,00|0,00|01|10000,00|1,65|0,00|0,00|165,00|01|10000,00|7,60|0,00|0,00|760,00|3001|
|9900|0000|1|
|9900|0110|1|
|9900|C100|1|
|9900|C170|1|
|9900|9900|6|
|9900|9999|1|
|9999|11|
