|0000|006|0||0|01102025|31102025|EMPRESA TESTE SA|00000000000100||SP||3550308||||A|0|
|0110|1|1|0|0|
|D200|1|1||01102025|31102025|01|20000,00|
|D201|01|20000,00|20000,00|1,65|0,00|0,00|330,00|
|D205|01|20000,00|20000,00|7,60|0,00|0,00|1520,00|
|M200|330,00|0,00|0,00|0,00|20000,00|
|M600|1520,00|0,00|0,00|0,00|20000,00|
|9900|0000|1|
|9900|0110|1|
|9900|D200|1|
|9900|D201|1|
|9900|D205|1|
|9900|M200|1|
|9900|M600|1|
|9900|9900|9|
|9900|9999|1|
|9999|17|
