|0000|003|0|01012026|31012026|EMPRESA TESTE SA|00000000000109||SP||3550308||||A|0|
|C100|1|0|CLIE001|55|00|001|000001||01012026|
|C170|01|PROD001||10,00|UN|10000,00|0,00|0|00|7101||0,00|0,00|0,00|0,00|0,00|0,00|0,00|||0,00|0,00|0,00|07|5000,00|1,65|0,00|0,00|82,50|07|5000,00|7,60|0,00|0,00|380,00|3001|0,00|
|9999|4|
