|0000|006|0||0|01012026|31012026|EMPRESA TESTE SA|00000000000109||SP||3550308||||A|0|
|0110|1|1|0|0|
|C100|0|0|FORN001|55|00|001|000001|0|01012026|2000,00|
|C170|01|PROD001|Produto monofasico CST60|1|UN|2000,00|0,00||00|1101||0,00|0,00|0,00||0,00|0,00||00|||0,00|0,00|60|2000,00|3,00|0,00|0,00|0,00|60|2000,00|13,80|0,00|0,00|0,00|3001|
|9900|0000|1|
|9900|0110|1|
|9900|C100|1|
|9900|C170|1|
|9900|9900|6|
|9900|9999|1|
|9999|11|
