|0000|003|0|01022026|28022026|EMPRESA TESTE SA|00000000000109||SP||3550308||||A|0|
|C100|1|0|CLIE001|55|00|001|000001||01022026|
|C170|01|PROD001||10,00|UN|10000,00|0,00|0|00|7101||0,00|0,00|0,00|0,00|0,00|0,00|0,00|||0,00|0,00|0,00|07|5000,00|0,00|0,00|0,00|0,00|07|5000,00|0,00|0,00|0,00|0,00|3001|0,00|
|9999|4|
