|0000|006|0||0|01052025|31052025|EMPRESA TESTE SA|00000000000109||SP||3550308||||A|0|
|0110|1|1|0|0|
|F150|18|120000,00|0,00|120000,00|10000,00|50|0,65|0,00|50|3,00|0,00|Estoque abertura|
|M200|0,00|0,00|0,00|0,00|0,00|0,00|0,00|0,00|0,00|0,00|0,00|0,00|
|M600|0,00|0,00|0,00|0,00|0,00|0,00|0,00|0,00|0,00|0,00|0,00|0,00|
|9900|0000|1|
|9900|0110|1|
|9900|F150|1|
|9900|M200|1|
|9900|M600|1|
|9900|9900|7|
|9900|9999|1|
|9999|14|
