|0000|006|0||0|01042025|30042025|EMPRESA TESTE SA|00000000000100||SP||3550308||||A|0|
|0110|3|2|0|0|
|0111|80000,00|10000,00|10000,00|0,00|100000,00|
|M200|0,00|0,00|0,00|0,00|100000,00|
|M600|0,00|0,00|0,00|0,00|100000,00|
|9900|0000|1|
|9900|0110|1|
|9900|0111|1|
|9900|M200|1|
|9900|M600|1|
|9900|9900|7|
|9900|9999|1|
|9999|13|
