|0000|006|0||0|01072025|31072025|EMPRESA TESTE SA|00000000000109||SP||3550308||||A|0|
|0110|1|1|0|0|
|F120|09|04|0|9|5000,00|0,00|50|5000,00|1,65|82,50|50|5000,00|7,60|380,00|||Veiculo gerencial|
|M200|0,00|0,00|0,00|0,00|0,00|0,00|0,00|0,00|0,00|0,00|0,00|0,00|
|M600|0,00|0,00|0,00|0,00|0,00|0,00|0,00|0,00|0,00|0,00|0,00|0,00|
|9900|0000|1|
|9900|0110|1|
|9900|F120|1|
|9900|M200|1|
|9900|M600|1|
|9900|9900|7|
|9900|9999|1|
|9999|14|
